@misc{APIFootb40:online,
  author       = {},
  title        = {API-Football - Restful API for Football data},
  howpublished = {\url{https://www.api-football.com/}},
  month        = {},
  year         = {},
  note         = {(Accessed on 03/31/2023)}
}

@misc{AmazonAl18:online,
  author       = {},
  title        = {Amazon Alexa Official Site: What is Alexa?},
  howpublished = {\url{https://developer.amazon.com/en-GB/alexa}},
  month        = {},
  year         = {},
  note         = {(Accessed on 03/31/2023)}
}

@misc{RunJavaS19:online,
  author       = {},
  title        = {Run JavaScript Everywhere.},
  howpublished = {\url{https://nodejs.dev/en/}},
  month        = {},
  year         = {},
  note         = {(Accessed on 03/31/2023)}
}

@misc{ModulesC3:online,
  author       = {},
  title        = {Modules: CommonJS modules | Node.js v19.8.1 Documentation},
  howpublished = {\url{https://nodejs.org/docs/latest/api/modules.html}},
  month        = {},
  year         = {},
  note         = {(Accessed on 03/31/2023)}
}

@misc{TypeScri1:online,
  author       = {},
  title        = {TypeScript: JavaScript With Syntax For Types.},
  howpublished = {\url{https://www.typescriptlang.org/}},
  month        = {},
  year         = {},
  note         = {(Accessed on 03/31/2023)}
}

@misc{ModulesE42:online,
  author       = {},
  title        = {Modules: ECMAScript modules | Node.js v19.8.1 Documentation},
  howpublished = {\url{https://nodejs.org/docs/latest/api/esm.html}},
  month        = {},
  year         = {},
  note         = {(Accessed on 03/31/2023)}
}

@misc{GitHubun42:online,
  author       = {},
  title        = {GitHub - unjs/jiti: Runtime Typescript and ESM support for Node.js},
  howpublished = {\url{https://github.com/unjs/jiti}},
  month        = {},
  year         = {},
  note         = {(Accessed on 03/31/2023)}
}

@misc{AlexaSki43:online,
  author       = {},
  title        = {Alexa Skills Kit (ASK) Toolkit - Visual Studio Marketplace},
  howpublished = {\url{https://marketplace.visualstudio.com/items?itemName=ask-toolkit.alexa-skills-kit-toolkit}},
  month        = {},
  year         = {},
  note         = {(Accessed on 03/31/2023)}
}

@misc{Git14:online,
  author       = {},
  title        = {Git},
  howpublished = {\url{https://git-scm.com/}},
  month        = {},
  year         = {},
  note         = {(Accessed on 03/31/2023)}
}

@misc{Witai58:online,
  author       = {},
  title        = {Wit.ai},
  howpublished = {\url{https://wit.ai/docs/http/20230215/}},
  month        = {},
  year         = {},
  note         = {(Accessed on 03/31/2023)}
}

@misc{Astro7:online,
  author       = {},
  title        = {Astro},
  howpublished = {\url{https://astro.build/}},
  month        = {},
  year         = {},
  note         = {(Accessed on 03/31/2023)}
}
